<record><leader>00000cas a2200000 a 4500</leader><controlfield tag="001">28323573</controlfield><controlfield tag="008">930624c18799999iluwr ne      0   a0eng c</controlfield><datafield ind1=" " ind2=" " tag="010"><subfield code="a">sn 93055717 </subfield></datafield><datafield ind1=" " ind2=" " tag="040"><subfield code="a">NVF</subfield><subfield code="b">eng</subfield><subfield code="c">NVF</subfield><subfield code="d">OCL</subfield><subfield code="d">NVF</subfield><subfield code="d">OCLCQ</subfield><subfield code="d">NVF</subfield><subfield code="d">OCLCF</subfield><subfield code="d">OCLCO</subfield></datafield><datafield ind1="1" ind2=" " tag="029"><subfield code="a">AU@</subfield><subfield code="b">000020230679</subfield></datafield><datafield ind1=" " ind2=" " tag="042"><subfield code="a">pcc</subfield></datafield><datafield ind1=" " ind2=" " tag="043"><subfield code="a">n-us-il</subfield></datafield><datafield ind1="0" ind2="4" tag="245"><subfield code="a">The Avon sentinel.</subfield></datafield><datafield ind1=" " ind2=" " tag="260"><subfield code="a">Avon, Fulton County, Ill. :</subfield><subfield code="b">H.J. Herbertz</subfield></datafield><datafield ind1="2" ind2=" " tag="260"><subfield code="3">&lt;Sept. 29, 1881-July 5, 1883&gt;</subfield><subfield code="a">Avon, Fulton County, Ill. :</subfield><subfield code="b">Leigh &amp; Stevens</subfield></datafield><datafield ind1="2" ind2=" " tag="260"><subfield code="3">&lt;Sept. 6, 1883-Feb. 14, 1884&gt;</subfield><subfield code="a">Avon, Fulton County, Ill. :</subfield><subfield code="b">Stevens &amp; Simmons</subfield></datafield><datafield ind1="2" ind2=" " tag="260"><subfield code="3">&lt;Feb. 16, 1888-Mar. 12, 1903&gt;</subfield><subfield code="a">Avon, Fulton County, Ill. :</subfield><subfield code="b">Willis E. Stevens</subfield></datafield><datafield ind1="3" ind2=" " tag="260"><subfield code="3">&lt;July 4, 1963-Aug. 1, 1974&gt;</subfield><subfield code="a">Avon, Fulton County, Ill. :</subfield><subfield code="b">Abingdon Publishing Co. Inc.</subfield></datafield><datafield ind1=" " ind2=" " tag="300"><subfield code="a">v.</subfield></datafield><datafield ind1=" " ind2=" " tag="310"><subfield code="a">Weekly</subfield></datafield><datafield ind1="1" ind2=" " tag="362"><subfield code="a">Began in 1879?</subfield></datafield><datafield ind1=" " ind2=" " tag="588"><subfield code="a">Description based on: Vol. 1, no. 7 (Apr. 17, 1879).</subfield></datafield><datafield ind1=" " ind2=" " tag="588"><subfield code="a">Latest issue consulted: Vol. 128, no. 48 (Mar. 25, 2004).</subfield></datafield><datafield ind1=" " ind2="0" tag="651"><subfield code="a">Avon (Ill.)</subfield><subfield code="v">Newspapers.</subfield></datafield><datafield ind1=" " ind2="7" tag="655"><subfield code="a">Newspapers.</subfield><subfield code="2">fast</subfield><subfield code="0">(OCoLC)fst01423814</subfield></datafield><datafield ind1=" " ind2="7" tag="651"><subfield code="a">Illinois</subfield><subfield code="z">Avon.</subfield><subfield code="2">fast</subfield><subfield code="0">(OCoLC)fst01880495</subfield></datafield><datafield ind1=" " ind2=" " tag="752"><subfield code="a">United States</subfield><subfield code="b">Illinois</subfield><subfield code="c">Fulton</subfield><subfield code="d">Avon.</subfield></datafield></record>